<?xml version="1.0" encoding="UTF-8"?><collection xmlns="http://www.loc.gov/MARC21/slim"><record><leader>00506nam--2200181-i-4500</leader><controlfield tag="001">000036081</controlfield><controlfield tag="002">20161230</controlfield><controlfield tag="005">20170205235141</controlfield><controlfield tag="008">060222s1000------------r-----000-0-eng-d</controlfield><datafield ind1=" " ind2=" " tag="080"><subfield code="a">517.95(075.8)</subfield></datafield><datafield ind1=" " ind2=" " tag="100"><subfield code="a">Olariu, Valter</subfield></datafield><datafield ind1=" " ind2=" " tag="245"><subfield code="a">Ecuatii diferentiale si cu derivate partiale</subfield></datafield><datafield ind1=" " ind2=" " tag="260"><subfield code="a">Bucuresti</subfield><subfield code="b">Ed.Tehnica</subfield><subfield code="c">1982</subfield></datafield><datafield ind1=" " ind2=" " tag="300"><subfield code="a">278 p</subfield></datafield><datafield ind1=" " ind2=" " tag="490"><subfield code="a">Seria Culegeri De Probleme De Matematica Si Fizica</subfield></datafield><datafield ind1=" " ind2=" " tag="700"><subfield code="a">Stanasila, Tatiana</subfield></datafield><datafield ind1=" " ind2=" " tag="852"><subfield code="a">49964</subfield><subfield code="c">517.9</subfield></datafield><datafield ind1=" " ind2=" " tag="CAT"><subfield code="a">SYS</subfield><subfield code="c">20170205</subfield><subfield code="h">235141</subfield></datafield></record></collection>